% Encoding: UTF-8









@article{saravanan2019,
  title = {A review on cyber security and the fifth generation cyberattacks},
  author = {Saravanan, A and Bama, S Sathya},
  journal = {Oriental journal of computer science and technology},
  volume = {12},
  number = {2},
  pages = {50},
  year = {2019},
  url = {https://www.computerscijournal.org/pdf/vol12no2/OJCST_Vol12_N2_p_50-56.pdf},
  urldate = {2024-05-08}
}

@article{pan2017,
  title = {Taxonomies for reasoning about cyber-physical attacks in IoT-based manufacturing systems},
  author = {Pan, Yao and White, Jules and Schmidt, Douglas and Elhabashy, Ahmad and Sturm, Logan and Camelio, Jaime and Williams, Christopher},
  pages = {45},
  year = {2017},
  publisher = {International Journal of Interactive Multimedia and Artificial Intelligence~â€¦},
  url = {https://reunir.unir.net/handle/123456789/11719},
  urldate = {2024-05-08}
}

@article{Nwanya2017,
  title = {Optimization of machine downtime in the plastic manufacturing},
  author = {Nwanya, S.C and Udofia, J.I and Ajayi, O.O},
  volume = {4},
  number = {1},
  pages = {3},
  year = {2017},
  publisher = {Cogent OA},
  url = {https://www.tandfonline.com/doi/full/10.1080/23311916.2017.1335444},
  urldate = {2024-05-08}
}

@article{Lin2017,
  author={Lin, Chih-Ta and Wu, Sung-Lin and Lee, Mei-Lin},
  booktitle={2017 IEEE Conference on Dependable and Secure Computing}, 
  title={Cyber attack and defense on industry control systems}, 
  year={2017},
  pages={524-526},
  url = {https://ieeexplore.ieee.org/abstract/document/8073874},
  urldate = {2024-07-31}
}

@Comment{jabref-meta: databaseType:biblatex;}
